% Encoding: UTF-8

@Standard{cpp11std,
  title        = {International Standard ISO/IEC 14882:2011(E) - Programming Language C++},
  organization = {ISO/IEC},
  institution  = {JTC1/SC22/WG21},
  year         = {2011},
}

@Standard{cpp14std,
  title        = {International Standard ISO/IEC 14882:2014(E) - Programming Language C++},
  organization = {ISO/IEC},
  institution  = {JTC1/SC22/WG21},
  year         = {2014},
}

@Book{tcpp,
  title     = {A Tour of C++},
  publisher = {Addison-Wesley},
  year      = {2014},
  author    = {Bjarne Stroustrup},
  series    = {C++ In-Depth},
}

@Comment{jabref-meta: databaseType:bibtex;}
